<?xml version="1.0" encoding="UTF-8"?><record xmlns="http://www.loc.gov/MARC21/slim" xmlns:cinclude="http://apache.org/cocoon/include/1.0" xmlns:zs="http://www.loc.gov/zing/srw/">
  <leader>01797cz  a2200325n  4500</leader>
  <controlfield tag="001">no2003122846</controlfield>
  <controlfield tag="003">DLC</controlfield>
  <controlfield tag="005">20150816204541.0</controlfield>
  <controlfield tag="008">031208n| azannaabn          |a aaa      </controlfield>
  <datafield tag="010" ind1=" " ind2=" ">
    <subfield code="a">no2003122846</subfield>
    <subfield code="z">n  00902966 </subfield>
  </datafield>
  <datafield tag="035" ind1=" " ind2=" ">
    <subfield code="a">(OCoLC)oca06222777</subfield>
  </datafield>
  <datafield tag="035" ind1=" " ind2=" ">
    <subfield code="a">(Uk)005192947</subfield>
  </datafield>
  <datafield tag="040" ind1=" " ind2=" ">
    <subfield code="a">DLC-OI</subfield>
    <subfield code="b">eng</subfield>
    <subfield code="e">rda</subfield>
    <subfield code="c">DLC-OI</subfield>
    <subfield code="d">DLC</subfield>
    <subfield code="d">IEN</subfield>
    <subfield code="d">Uk</subfield>
    <subfield code="d">DLC</subfield>
  </datafield>
  <datafield tag="046" ind1=" " ind2=" ">
    <subfield code="f">1950</subfield>
  </datafield>
  <datafield tag="100" ind1="1" ind2=" ">
    <subfield code="a">Rodríguez, José R.</subfield>
    <subfield code="q">(José Rodriguez)</subfield>
  </datafield>
  <datafield tag="370" ind1=" " ind2=" ">
    <subfield code="a">San Xoan de Rio (Spain)</subfield>
  </datafield>
  <datafield tag="372" ind1=" " ind2=" ">
    <subfield code="a">Industrial Management</subfield>
    <subfield code="a">Journalism</subfield>
    <subfield code="2">lcsh</subfield>
  </datafield>
  <datafield tag="373" ind1=" " ind2=" ">
    <subfield code="a">Academia Filipina de la Lengua Española</subfield>
  </datafield>
  <datafield tag="374" ind1=" " ind2=" ">
    <subfield code="a">Writer</subfield>
  </datafield>
  <datafield tag="374" ind1=" " ind2=" ">
    <subfield code="a">Journalists</subfield>
    <subfield code="2">lcsh</subfield>
  </datafield>
  <datafield tag="375" ind1=" " ind2=" ">
    <subfield code="a">male</subfield>
  </datafield>
  <datafield tag="377" ind1=" " ind2=" ">
    <subfield code="a">spa</subfield>
    <subfield code="a">eng</subfield>
  </datafield>
  <datafield tag="400" ind1="1" ind2=" ">
    <subfield code="a">Rodríguez Rodríguez, José</subfield>
  </datafield>
  <datafield tag="400" ind1="1" ind2=" ">
    <subfield code="a">Rodríguez, Pepe,</subfield>
    <subfield code="d">1950-</subfield>
  </datafield>
  <datafield tag="400" ind1="1" ind2=" ">
    <subfield code="w">nnea</subfield>
    <subfield code="a">Rodriguez, Jose,</subfield>
    <subfield code="c">Ph.D.</subfield>
  </datafield>
  <datafield tag="667" ind1=" " ind2=" ">
    <subfield code="a">Not same as Rodríguez R., José (Rodríguez Rodríguez), 1944- (n84030442)</subfield>
  </datafield>
  <datafield tag="670" ind1=" " ind2=" ">
    <subfield code="a">Philippine first ladies portraits, c2003:</subfield>
    <subfield code="b">t.p. (José R. Rodríguez) p. 6 (Jose Rodriguez Rodriguez) back flap of jkt. (a native of San Xoan de Rio, Ourense, Galicia, Spain; came to Manila in 1977; Ph.D. in business admin.; pres. of Academia Filipina de la Lengua Española; married to Lulu Coching)</subfield>
  </datafield>
  <datafield tag="670" ind1=" " ind2=" ">
    <subfield code="a">WikiPilipinas, June 25, 2015</subfield>
    <subfield code="b">(b. 1950 in San Xoán de Río; Jose R. Rodriguez is the current Director of Instituto Cervantes in Manila)</subfield>
  </datafield>
  <datafield tag="670" ind1=" " ind2=" ">
    <subfield code="a">Cronicas, [2000]:</subfield>
    <subfield code="b">t.p. (Jose Rodriguez) p.115 (Jose "Pepe" Rodriguez comes from the region of Galicia, Spain; agriculture engineer and Ph.D. in business admin.; journalist)</subfield>
  </datafield>
  <datafield tag="670" ind1=" " ind2=" ">
    <subfield code="a">Front pages of Philippine history, [2014]:</subfield>
    <subfield code="b">t.p. verso (José Rodríguez Rodríguez) p.5 (Pepe Rodríguez) jkt. (born San Xoan de Rio (Ourense); author of Cronicas and Philippine first ladies portraits; journalist and writer)</subfield>
  </datafield>
</record>